@ARTICLE{SystemC, 
author={}, 
journal={IEEE Std 1666-2011 (Revision of IEEE Std 1666-2005)}, 
title={IEEE Standard for Standard SystemC Language Reference Manual}, 
year={2012}, 
volume={}, 
number={}, 
pages={1-638}, 
doi={10.1109/IEEESTD.2012.6134619}, 
ISSN={}, 
month={Jan},}

@ARTICLE{AMS, 
author={}, 
journal={IEEE Std 1666.1-2016}, 
title={IEEE Standard for Standard SystemC(R) Analog/Mixed-Signal Extensions Language Reference Manual}, 
year={2016}, 
volume={}, 
number={}, 
pages={1-236}, 
doi={10.1109/IEEESTD.2016.7448795}, 
ISSN={}, 
month={April},}

@ARTICLE{RTL,
author={Synopsys},
title={Describing Synthesizable RTL in SystemC},
version={Version 1.2}, 
date={November 2002},}